<record><leader>00000cas a22000007a 4500</leader><controlfield tag="001">12413036</controlfield><controlfield tag="008">850822d19091912njucr ne      0    0eng d</controlfield><datafield ind1=" " ind2=" " tag="010"><subfield code="a">sn 85035983 </subfield></datafield><datafield ind1=" " ind2=" " tag="040"><subfield code="a">NPA</subfield><subfield code="b">eng</subfield><subfield code="c">NPA</subfield><subfield code="d">NJW</subfield><subfield code="d">OCLCQ</subfield></datafield><datafield ind1=" " ind2=" " tag="042"><subfield code="a">msc</subfield></datafield><datafield ind1="0" ind2="0" tag="245"><subfield code="a">Rahway news-herald.</subfield></datafield><datafield ind1=" " ind2=" " tag="260"><subfield code="a">Rahway, N.J. :</subfield><subfield code="b">James B. Furber</subfield></datafield><datafield ind1=" " ind2=" " tag="300"><subfield code="a">v. :</subfield><subfield code="b">ill.</subfield></datafield><datafield ind1=" " ind2=" " tag="310"><subfield code="a">Semiweekly</subfield></datafield><datafield ind1="1" ind2=" " tag="362"><subfield code="a">Began in 1909.</subfield><subfield code="z">Cf. Wright, W.C. and Stellhorn, P.A. Direct. of New Jersey newspapers.</subfield></datafield><datafield ind1="1" ind2=" " tag="362"><subfield code="a">Ceased with Mar. 8, 1912 issue.</subfield><subfield code="z">Cf. Rahway daily record, and New Jersey advocate, Mar. 8, 1912.</subfield></datafield><datafield ind1=" " ind2=" " tag="588"><subfield code="a">Description based on: Vol. 80, no. 58 (July 5, 1910).</subfield></datafield><datafield ind1=" " ind2=" " tag="752"><subfield code="a">United States</subfield><subfield code="b">New Jersey</subfield><subfield code="c">Union</subfield><subfield code="d">Rahway.</subfield></datafield><datafield ind1="0" ind2="0" tag="780"><subfield code="t">Union Democrat (Rahway, N.J.)</subfield></datafield><datafield ind1="0" ind2="4" tag="785"><subfield code="t">Rahway daily record, and New Jersey advocate</subfield><subfield code="w">(DLC)sn 85036010</subfield><subfield code="w">(OCoLC)12413051</subfield></datafield></record>